

@BOOK{finn1999,
    author = {M. Alonso and  E. J. Finn and  C. A. Heras and  J. A. B.  Araujo},
    year = 1999,
    title = {Fisica Vol.2: Campos Y Ondas},
    edition = 2,
    address = {Pachuca, México},
    publisher = {Fondo Educativo Interamericano},
}

@BOOK{griffiths,
    author = {D. J. Griffiths},
    year = 2017,
    title = {Introduction to Electrodynamics},
    edition = 4,
    address = {Cambridge, Reino Unido},
    publisher = {Cambridge University Press},
}

@BOOK{purcell,
    author = {E. M. Purcell},
    year = 1988,
    title = {Electricidad y magnetismo},
    edition = 4,
    address = {Ciudad de México, México},
    publisher = {Reverté},
}

@BOOK{resnik2002,
    author = {R. Resnick and D. Halliday and K. S. Krane and E. A. Miguel},
    year = 2002,
    title = {Física},
    edition = 5,
    address = {D.F., México},
    publisher = {CECSA},
}