@ARTICLE{Roller1953,
    author = {D Roller},
    year = 1953,
    title = {The Prenatal History of Electrical Science}, 
    journal = {American Journal of Physicsh},
    volume = 21,
    pages = {343--356},
    howpublished = {{https://doi.org/10.1119/1.1933449}},
}


@BOOK{resnik2002,
    author = {R. Resnick and D. Halliday and K. S. Krane and E. A. Miguel},
    year = 2002,
    title = {Física. Vol. 2},
    edition = 5,
    address = {D.F., México},
    publisher = {CECSA},
}


@BOOK{hewitt2007,
    author = {G. Hewitt Paul},
    year =2007 ,
    title = {Física Conceptual},
    edition = 10,
    address = {Naucalpan de Juárez, Edo.de México},
    publisher = {Pearson Education},
}

@ONLINE{electro,
  title = {El Electroscopio},
  year = 2015,
  author = {UCM},
  howpublished  =  {{https://www.ucm.es/data/cont/docs/76-2013-07-11-11\_Stirling\_engine.pdf}},
  note = {Recuperado el 7 de marzo de 2020},
}

@ONLINE{UNIKA,
  title = {UNITIKA Nylon 6},
  year = 2019,
  author = {UNITIKA},
  howpublished  =  {{https://www.unitika.co.jp/plastics/e/products
  /nylon/nylon6/03.html}},
  note = {Recuperado el 1 marzo, 2020},
}
