

@BOOK{bevi2002,
    author = {P. Bevington and K. Robinson},
    year = 2002,
    title = {Data Reduction and Error Analysis for the Physical Sciences},
    edition = 3,
    address = {NY, Estados Unidos},
    publisher = {McGraw Hill},
}

@BOOK{finn1999,
    author = {M. Alonso and  E. J. Finn and  C. A. Heras and  J. A. B.  Araujo},
    year = 1999,
    title = {Fisica Vol.2: Campos Y Ondas},
    edition = 2,
    address = {Pachuca, México},
    publisher = {Fondo Educativo Interamericano},
}

@BOOK{burb2007,
    author = {S. Burbano and E. Burbano and C. García,},
    year = 2007,
    title = {Física General},
    edition = 32,
    address = {Madrid, Esapaña},
    publisher = {Editorial Tébar},
}

%@ONLINE{electro,
 % title = {Filosofía y Física. Antes de Faraday},
  %year = s.f.,
 % author = {A. F. García},
 % howpublished  =  {{http://www.sc.ehu.es/sbweb/fisica\_/elecmagnet
%  /historia/historia1.html}},
%  note = {Recuperado el 7 de marzo de 2020},
%}

@BOOK{resnik2002,
    author = {R. Resnick and D. Halliday and K. S. Krane and E. A. Miguel},
    year = 2002,
    title = {Física Volumen 2},
    edition = 5,
    address = {D.F., México},
    publisher = {CECSA},
}

%hola, holi jeje
% te encontré jejejejej pensaba que ya me habia ido?
%LISTOOOOOO YA LA VOY A A
%ya está no?
%jajajaj te 