@ARTICLE{Roller1953,
    author = {D Roller},
    year = 1953,
    title = {The Prenatal History of Electrical Science}, 
    journal = {American Journal of Physicsh},
    volume = 21,
    pages = {343--356},
    howpublished = {{https://doi.org/10.1119/1.1933449}},
}


@BOOK{resnik2002,
    author = {R. Resnick and D. Halliday and K. S. Krane and E. A. Miguel},
    year = 2002,
    title = {Física},
    edition = 5,
    address = {D.F., México},
    publisher = {CECSA},
}

@BOOK{beving,
    author = {P. Bevington and K. Robinson},
    year = 2002,
    title = {Data Reduction and Error Analysis for the Physical Sciences},
    edition = 3,
    address = {N.Y., Estados Unidos},
    publisher = {McGraw Hill},
}


@BOOK{finn1999,
    author = {M. Alonso and  E. J. Finn and  C. A. Heras and  J. A. B.  Araujo},
    year = 1999,
    title = {Fisica Vol.2: Campos Y Ondas},
    edition = 2,
    address = {Pachuca, México},
    publisher = {Fondo Educativo Interamericano},
}
Alonso, M., Finn, E. J., Heras, C. A., & Araujo, J. A. B. (1999). Fisica Vol.2: Campos Y Ondas. Pachuca, México: Fondo Educativo Interamericano.


